<?xml version="1.0" encoding="UTF-8"?>
<!DOCTYPE html PUBLIC "-//W3C//DTD XHTML 1.0 Transitional//EN"
    "http://www.w3.org/TR/xhtml1/DTD/xhtml1-transitional.dtd">
<html xmlns="http://www.w3.org/1999/xhtml" xml:lang="en" lang="en">
 <head>
  <title>
</title>
<meta http-equiv="Content-Type" content="text/html;charset=utf-8" />
  <meta name='ocr-system' content='tesseract 3.04.00' />
  <meta name='ocr-capabilities' content='ocr_page ocr_carea ocr_par ocr_line ocrx_word'/>
</head>
<body>
  <div class='ocr_page' id='page_1' title='image "./satyriconcumfra00arbigoog_0022.png"; bbox 0 0 2664 4458; ppageno 0'>
   <div class='ocr_carea' id='block_1_1' title="bbox 883 316 2143 411">
    <p class='ocr_par' dir='ltr' id='par_1_1' title="bbox 883 316 2143 411">
     <span class='ocr_line' id='line_1_1' title="bbox 883 316 2143 411; baseline -0.002 0"><span class='ocrx_word' id='word_1_1' title='bbox 883 316 1072 411; x_wconf 65' lang='lat' dir='ltr'>An</span> <span class='ocrx_word' id='word_1_2' title='bbox 1220 338 2143 411; x_wconf 67' lang='lat' dir='ltr'>LECTOREM</span> 
     </span>
    </p>
   </div>
   <div class='ocr_carea' id='block_1_2' title="bbox 525 450 2502 1528">
    <p class='ocr_par' dir='ltr' id='par_1_2' title="bbox 525 450 2502 1528">
     <span class='ocr_line' id='line_1_2' title="bbox 535 450 2502 542; baseline -0.001 -12"><span class='ocrx_word' id='word_1_3' title='bbox 535 451 854 530; x_wconf 82' lang='lat' dir='ltr'>Schefferi</span> <span class='ocrx_word' id='word_1_4' title='bbox 880 510 899 542; x_wconf 92' lang='lat'>,</span> <span class='ocrx_word' id='word_1_5' title='bbox 940 454 1139 526; x_wconf 81' lang='lat' dir='ltr'>talem</span> <span class='ocrx_word' id='word_1_6' title='bbox 1177 452 1331 524; x_wconf 87' lang='lat' dir='ltr'>dedi</span> <span class='ocrx_word' id='word_1_7' title='bbox 1400 452 1611 525; x_wconf 82' lang='lat' dir='ltr'><strong>nalem</strong></span> <span class='ocrx_word' id='word_1_8' title='bbox 1634 459 1702 524; x_wconf 88' lang='lat' dir='ltr'>in</span> <span class='ocrx_word' id='word_1_9' title='bbox 1726 458 2118 526; x_wconf 84' lang='lat' dir='ltr'><strong>Petronium</strong></span> <span class='ocrx_word' id='word_1_10' title='bbox 2139 450 2366 527; x_wconf 82' lang='lat' dir='ltr'>frustra</span> <span class='ocrx_word' id='word_1_11' title='bbox 2385 454 2502 528; x_wconf 84' lang='lat' dir='ltr'>ha·-</span> 
     </span>
     <span class='ocr_line' id='line_1_3' title="bbox 531 550 2499 652; baseline 0.001 -27"><span class='ocrx_word' id='word_1_12' title='bbox 531 557 759 625; x_wconf 68' lang='lat' dir='ltr'><strong>&amp;enus</strong></span> <span class='ocrx_word' id='word_1_13' title='bbox 781 550 1104 651; x_wconf 84' lang='lat' dir='ltr'>quaefieris</span> <span class='ocrx_word' id='word_1_14' title='bbox 1131 609 1150 640; x_wconf 89' lang='lat'>,</span> <span class='ocrx_word' id='word_1_15' title='bbox 1199 556 1317 650; x_wconf 85' lang='lat' dir='ltr'>qui</span> <span class='ocrx_word' id='word_1_16' title='bbox 1404 552 1542 623; x_wconf 90' lang='lat' dir='ltr'>mul</span> <span class='ocrx_word' id='word_1_17' title='bbox 1584 577 1854 624; x_wconf 84' lang='lat' dir='ltr'>examen</span> <span class='ocrx_word' id='word_1_18' title='bbox 1944 557 2144 624; x_wconf 82' lang='lat' dir='ltr'>oterit</span> <span class='ocrx_word' id='word_1_19' title='bbox 2185 551 2312 625; x_wconf 67' lang='lat' dir='ltr'>esst</span> <span class='ocrx_word' id='word_1_20' title='bbox 2350 554 2499 652; x_wconf 89' lang='lat' dir='ltr'>styli</span> 
     </span>
     <span class='ocr_line' id='line_1_4' title="bbox 529 579 2498 759; baseline 0.001 -37"><span class='ocrx_word' id='word_1_21' title='bbox 529 651 883 750; x_wconf 85' lang='lat' dir='ltr'>fragmenti</span> <span class='ocrx_word' id='word_1_22' title='bbox 900 648 1347 759; x_wconf 81' lang='lat' dir='ltr'>Tragurienfis</span> <span class='ocrx_word' id='word_1_23' title='bbox 1382 656 1457 721; x_wconf 79' lang='grc' dir='ltr'>δε</span> <span class='ocrx_word' id='word_1_24' title='bbox 1496 654 1776 749; x_wconf 84' lang='lat' dir='ltr'>Satyrici</span> <span class='ocrx_word' id='word_1_25' title='bbox 1798 579 2051 722; x_wconf 61' lang='lat' dir='ltr'>dagam</span> <span class='ocrx_word' id='word_1_26' title='bbox 2088 651 2251 722; x_wconf 84' lang='lat' dir='ltr'>editi</span> <span class='ocrx_word' id='word_1_27' title='bbox 2276 708 2297 739; x_wconf 89' lang='lat'>,</span> <span class='ocrx_word' id='word_1_28' title='bbox 2345 650 2498 750; x_wconf 89' lang='lat' dir='ltr'>sup-</span> 
     </span>
     <span class='ocr_line' id='line_1_5' title="bbox 529 745 2499 851; baseline -0.001 -28"><span class='ocrx_word' id='word_1_29' title='bbox 529 750 720 851; x_wconf 73' lang='lat' dir='ltr'>pletis</span> <span class='ocrx_word' id='word_1_30' title='bbox 754 771 975 820; x_wconf 85' lang='lat' dir='ltr'>tamen</span> <span class='ocrx_word' id='word_1_31' title='bbox 1014 747 1388 848; x_wconf 53' lang='lat' dir='ltr'>iupplendffs</span> <span class='ocrx_word' id='word_1_32' title='bbox 1412 802 1431 834; x_wconf 90' lang='lat'>‚</span> <span class='ocrx_word' id='word_1_33' title='bbox 1472 745 1585 821; x_wconf 78' lang='lat' dir='ltr'>ubi</span> <span class='ocrx_word' id='word_1_34' title='bbox 1606 775 1775 847; x_wconf 87' lang='lat' dir='ltr'>opus</span> <span class='ocrx_word' id='word_1_35' title='bbox 1802 804 1823 835; x_wconf 90' lang='lat'>,</span> <span class='ocrx_word' id='word_1_36' title='bbox 1864 771 1937 821; x_wconf 89' lang='lat' dir='ltr'>ut</span> <span class='ocrx_word' id='word_1_37' title='bbox 1977 751 2279 821; x_wconf 69' lang='lat' dir='ltr'><strong>exafimm</strong></span> <span class='ocrx_word' id='word_1_38' title='bbox 2314 752 2499 847; x_wconf 88' lang='lat' dir='ltr'><strong>judi-</strong></span> 
     </span>
     <span class='ocr_line' id='line_1_6' title="bbox 530 843 2499 946; baseline 0.001 -28"><span class='ocrx_word' id='word_1_39' title='bbox 530 854 709 943; x_wconf 65' lang='lat' dir='ltr'>cium</span> <span class='ocrx_word' id='word_1_40' title='bbox 750 845 904 931; x_wconf 77' lang='lat' dir='ltr'>ferri</span> <span class='ocrx_word' id='word_1_41' title='bbox 924 869 1141 946; x_wconf 84' lang='lat' dir='ltr'>queat.</span> <span class='ocrx_word' id='word_1_42' title='bbox 1173 843 1506 922; x_wconf 56' lang='lat' dir='ltr'>Cataledha</span> <span class='ocrx_word' id='word_1_43' title='bbox 1523 868 1819 919; x_wconf 83' lang='lat' dir='ltr'>veterum</span> <span class='ocrx_word' id='word_1_44' title='bbox 1843 851 2203 919; x_wconf 73' lang='grc' dir='ltr'>Ροὲῑαηιῐῃ</span> <span class='ocrx_word' id='word_1_45' title='bbox 2225 875 2372 945; x_wconf 83' lang='lat' dir='ltr'>quae</span> <span class='ocrx_word' id='word_1_46' title='bbox 2396 854 2499 919; x_wconf 88' lang='lat' dir='ltr'>in-</span> 
     </span>
     <span class='ocr_line' id='line_1_7' title="bbox 528 944 2496 1045; baseline 0 -26"><span class='ocrx_word' id='word_1_47' title='bbox 528 968 631 1019; x_wconf 86' lang='lat' dir='ltr'>ter</span> <span class='ocrx_word' id='word_1_48' title='bbox 652 950 944 1045; x_wconf 85' lang='lat' dir='ltr'>Priapeja</span> <span class='ocrx_word' id='word_1_49' title='bbox 1012 952 1251 1015; x_wconf 85' lang='lat' dir='ltr'><strong>rimum</strong></span> <span class='ocrx_word' id='word_1_50' title='bbox 1272 944 1500 1016; x_wconf 88' lang='lat' dir='ltr'>locum</span> <span class='ocrx_word' id='word_1_51' title='bbox 1519 967 1691 1017; x_wconf 89' lang='lat' dir='ltr'>occu</span> <span class='ocrx_word' id='word_1_52' title='bbox 1739 967 1850 1015; x_wconf 82' lang='lat' dir='ltr'>ant</span> <span class='ocrx_word' id='word_1_53' title='bbox 1875 1000 1893 1031; x_wconf 89' lang='lat'>‚</span> <span class='ocrx_word' id='word_1_54' title='bbox 1915 973 2063 1044; x_wconf 81' lang='lat' dir='ltr'>quae</span> <span class='ocrx_word' id='word_1_55' title='bbox 2115 971 2197 1017; x_wconf 83' lang='lat' dir='ltr'>uc</span> <span class='ocrx_word' id='word_1_56' title='bbox 2216 947 2316 1018; x_wconf 83' lang='lat' dir='ltr'>his</span> <span class='ocrx_word' id='word_1_57' title='bbox 2339 974 2496 1018; x_wconf 89' lang='lat' dir='ltr'>mo-</span> 
     </span>
     <span class='ocr_line' id='line_1_8' title="bbox 526 1045 2495 1139; baseline 0.001 -23"><span class='ocrx_word' id='word_1_58' title='bbox 526 1066 598 1132; x_wconf 75' lang='lat' dir='ltr'>re</span> <span class='ocrx_word' id='word_1_59' title='bbox 617 1045 893 1121; x_wconf 84' lang='lat' dir='ltr'>aliorum</span> <span class='ocrx_word' id='word_1_60' title='bbox 913 1068 952 1113; x_wconf 88' lang='lat' dir='ltr'>e</span> <span class='ocrx_word' id='word_1_61' title='bbox 999 1047 1246 1113; x_wconf 73' lang='lat' dir='ltr'><strong>{torum</strong></span> <span class='ocrx_word' id='word_1_62' title='bbox 1270 1097 1289 1128; x_wconf 88' lang='lat'>,</span> <span class='ocrx_word' id='word_1_63' title='bbox 1313 1045 1503 1139; x_wconf 83' lang='lat' dir='ltr'>juxta</span> <span class='ocrx_word' id='word_1_64' title='bbox 1528 1068 1647 1138; x_wconf 82' lang='lat' dir='ltr'>pec</span> <span class='ocrx_word' id='word_1_65' title='bbox 1724 1049 1918 1114; x_wconf 71' lang='lat' dir='ltr'><strong>{arem</strong></span> <span class='ocrx_word' id='word_1_66' title='bbox 1951 1048 2037 1114; x_wconf 85' lang='lat' dir='ltr'>tit</span> <span class='ocrx_word' id='word_1_67' title='bbox 2111 1071 2221 1114; x_wconf 89' lang='lat' dir='ltr'>um</span> <span class='ocrx_word' id='word_1_68' title='bbox 2247 1101 2267 1131; x_wconf 86' lang='lat'>,</span> <span class='ocrx_word' id='word_1_69' title='bbox 2304 1071 2495 1118; x_wconf 87' lang='lat' dir='ltr'>acce-</span> 
     </span>
     <span class='ocr_line' id='line_1_9' title="bbox 527 1137 2492 1242; baseline -0.001 -26"><span class='ocrx_word' id='word_1_70' title='bbox 527 1144 736 1228; x_wconf 88' lang='lat' dir='ltr'>dunt,</span> <span class='ocrx_word' id='word_1_71' title='bbox 775 1137 1066 1212; x_wconf 80' lang='lat' dir='ltr'>mantissa</span> <span class='ocrx_word' id='word_1_72' title='bbox 1086 1137 1277 1225; x_wconf 85' lang='lat' dir='ltr'>sunt3</span> <span class='ocrx_word' id='word_1_73' title='bbox 1319 1146 1396 1210; x_wconf 75' lang='grc' dir='ltr'>δε</span> <span class='ocrx_word' id='word_1_74' title='bbox 1435 1137 1704 1238; x_wconf 80' lang='lat' dir='ltr'>quidem</span> <span class='ocrx_word' id='word_1_75' title='bbox 1728 1145 2023 1238; x_wconf 84' lang='lat' dir='ltr'>Priapeja</span> <span class='ocrx_word' id='word_1_76' title='bbox 2045 1168 2197 1238; x_wconf 80' lang='lat' dir='ltr'>cum</span> <span class='ocrx_word' id='word_1_77' title='bbox 2222 1147 2492 1242; x_wconf 82' lang='lat' dir='ltr'><strong>integris</strong></span> 
     </span>
     <span class='ocr_line' id='line_1_10' title="bbox 527 1237 2493 1406; baseline 0.003 -96"><span class='ocrx_word' id='word_1_78' title='bbox 527 1242 1016 1317; x_wconf 78' lang='lat' dir='ltr'>commentariis</span> <span class='ocrx_word' id='word_1_79' title='bbox 1057 1237 1369 1336; x_wconf 83' lang='lat' dir='ltr'>Scaligeri</span> <span class='ocrx_word' id='word_1_80' title='bbox 1393 1292 1414 1323; x_wconf 90' lang='lat'>,</span> <span class='ocrx_word' id='word_1_81' title='bbox 1466 1241 1762 1406; x_wconf 50' lang='lat' dir='ltr'>ScioYpii</span> <span class='ocrx_word' id='word_1_82' title='bbox 1786 1293 1807 1324; x_wconf 90' lang='lat'>,</span> <span class='ocrx_word' id='word_1_83' title='bbox 1848 1244 1924 1309; x_wconf 90' lang='lat'>&amp;</span> <span class='ocrx_word' id='word_1_84' title='bbox 1966 1240 2493 1342; x_wconf 73' lang='lat' dir='ltr'><strong>Lindenb&#39;rogii:</strong></span> 
     </span>
     <span class='ocr_line' id='line_1_11' title="bbox 525 1333 2493 1435; baseline -0.005 -26"><span class='ocrx_word' id='word_1_85' title='bbox 525 1343 749 1409; x_wconf 78' lang='lat' dir='ltr'>omnia</span> <span class='ocrx_word' id='word_1_86' title='bbox 767 1336 1059 1435; x_wconf 62' lang='lat' dir='ltr'>legitime</span> <span class='ocrx_word' id='word_1_87' title='bbox 1081 1361 1158 1407; x_wconf 86' lang='lat' dir='ltr'>ac</span> <span class='ocrx_word' id='word_1_88' title='bbox 1178 1333 1459 1407; x_wconf 82' lang='lat' dir='ltr'>honesto</span> <span class='ocrx_word' id='word_1_89' title='bbox 1479 1333 1615 1407; x_wconf 87' lang='lat' dir='ltr'>fine</span> <span class='ocrx_word' id='word_1_90' title='bbox 1657 1335 1927 1432; x_wconf 83' lang='lat' dir='ltr'><strong>egenda.</strong></span> <span class='ocrx_word' id='word_1_91' title='bbox 1981 1336 2251 1435; x_wconf 81' lang='lat' dir='ltr'>Qibus</span> <span class='ocrx_word' id='word_1_92' title='bbox 2272 1339 2362 1417; x_wconf 86' lang='lat' dir='ltr'>fic</span> <span class='ocrx_word' id='word_1_93' title='bbox 2383 1347 2493 1413; x_wconf 81' lang='lat' dir='ltr'>in..</span> 
     </span>
     <span class='ocr_line' id='line_1_12' title="bbox 525 1432 2188 1528; baseline 0.002 -22"><span class='ocrx_word' id='word_1_94' title='bbox 525 1434 760 1528; x_wconf 58' lang='lat' dir='ltr'>dicatis</span> <span class='ocrx_word' id='word_1_95' title='bbox 787 1490 807 1523; x_wconf 90' lang='lat'><strong>,</strong></span> <span class='ocrx_word' id='word_1_96' title='bbox 851 1437 938 1517; x_wconf 86' lang='lat' dir='ltr'>C.</span> <span class='ocrx_word' id='word_1_97' title='bbox 960 1459 1037 1512; x_wconf 87' lang='lat' dir='ltr'>ac</span> <span class='ocrx_word' id='word_1_98' title='bbox 1059 1437 1138 1512; x_wconf 79' lang='grc' dir='ltr'>Β.</span> <span class='ocrx_word' id='word_1_99' title='bbox 1162 1439 1242 1521; x_wconf 85' lang='lat' dir='ltr'>L.</span> <span class='ocrx_word' id='word_1_100' title='bbox 1264 1433 1406 1517; x_wconf 81' lang='lat' dir='ltr'>vale</span> <span class='ocrx_word' id='word_1_101' title='bbox 1428 1432 1502 1508; x_wconf 78' lang='grc' dir='ltr'>δι</span> <span class='ocrx_word' id='word_1_102' title='bbox 1523 1432 1758 1508; x_wconf 84' lang='lat' dir='ltr'>nostris</span> <span class='ocrx_word' id='word_1_103' title='bbox 1778 1433 2002 1508; x_wconf 75' lang='lat' dir='ltr'>studiis</span> <span class='ocrx_word' id='word_1_104' title='bbox 2021 1433 2188 1518; x_wconf 82' lang='lat' dir='ltr'>fave.</span> 
     </span>
    </p>
   </div>
   <div class='ocr_carea' id='block_1_3' title="bbox 2272 3638 2479 3717">
    <p class='ocr_par' dir='ltr' id='par_1_3' title="bbox 2272 3638 2479 3717">
     <span class='ocr_line' id='line_1_13' title="bbox 2272 3638 2479 3717; baseline -0.01 0"><span class='ocrx_word' id='word_1_105' title='bbox 2272 3638 2479 3717; x_wconf 80' lang='lat' dir='ltr'>Ex-</span> 
     </span>
    </p>
   </div>
  </div>
 </body>
</html>
