2664 4458
833 256 1022 335 'AD
1166 254 2088 332 LECTOREM.

480 380 800 484 Denique
820 382 1023 481 Cajus
1042 383 1396 455 Petronius
1419 378 1640 478 paullo
1657 400 1810 451 ante
1844 398 2134 450 mortem
2155 372 2457 447 coactam

466 484 685 580 flagitia
702 484 950 575 Principis
966 535 985 563 ‚
1010 480 1113 572 sub
1130 481 1429 551 nominibus
1446 483 1769 549 exoletorum
1796 478 2235 574 feminarumque
2253 476 2329 551 &⁶
2347 499 2455 543 no-

481 585 658 654 vitate
673 606 701 652 c
760 604 923 673 usque
941 580 1135 675 stupri,
1148 577 1435 672 perscripfit
1452 595 1617 671 atque
1632 576 1905 672 obfignata
1922 576 2065 669 maefit
2082 577 2287 646 Neroni
2303 602 2323 642 .-
2373 590 2455 642 ut

486 678 680 750 Corn
746 682 843 749 ius
861 680 1138 748 Tacitus
1176 680 1246 746 in
1283 670 1400 745 lib.
1421 698 1549 747 xvr
1576 675 1937 746 Annalium
1973 671 2196 744 traditt
2250 666 2452 766 Qid

481 774 731 848 habent
751 774 866 846 ista
886 800 1040 873 cum
1062 777 1363 847 Petronii
1382 770 1639 846 Arbitri
1659 798 1860 870 opere
1882 778 2269 844 commune?
2293 769 2452 863 Caji

484 878 788 949 Petronii
824 869 1108 945 famosus
1141 870 1401 943 libellus
1415 867 1820 943 breviffimus
1839 869 2006 942 fuit:
2057 891 2124 940 at
2145 869 2456 940 Petronii

481 972 745 1045 Arbitri
764 976 993 1068 Satyra
1010 969 1272 1069 grandis
1290 990 1489 1067 atque
1508 968 1779 1042 verbosa
1801 1023 1820 1055 ,
1841 969 1944 1042 vel
1956 968 2202 1067 justum
2268 968 2456 1036 otius

483 1092 657 1185 opus
674 1069 919 1144 exstitit
935 1094 957 1139 ε
1009 1065 1300 1140 Libellus
1320 1069 1489 1237 Cag'i⁴¹
1512 1071 1962 1183 Petronii-pro
1984 1066 2204 1182 codic:
2255 1064 2309 1134 is
2328 1063 2453 1178 ha-

480 1162 931 1337 ἑῗὲΡὲἑῖῗιὲ
950 1167 1392 1337 {fflffi
1425 1167 2452 1363 atgffenassssffnffi‘ssssssaffeffi

477 1361 880 1436 adscitorum
908 1361 1326 1435 exoletorum
1362 1360 1886 1463 feminarumque
1918 1366 2194 1434 nomina
2212 1416 2235 1450 ,
2284 1356 2456 1458 quid

478 1464 763 1561 quisque
779 1459 873 1534 ibi
892 1460 1234 1536 noviffime
1255 1458 1580 1547 fecissent,
1597 1461 1763 1561 quid
1780 1460 1937 1560 paffi
1953 1458 2156 1534 essent
2179 1515 2200 1547 ‚
2218 1456 2454 1557 paucis

611 1557 879 1632 onebat.
930 1561 1101 1634 Fieti
1119 1558 1282 1631 nihil
1302 1594 1325 1647 3
1344 1562 1572 1630 omnia
1587 1586 1756 1633 vera.
1810 1560 2074 1632 Contra
2091 1560 2453 1633 Petronius

475 1582 754 1730 miter
788 1663 898 1733 Μ.
936 1662 1308 1734 Varronem
1346 1662 1416 1729 in
1454 1661 1704 1757 Satyris
1737 1662 2117 1758 Menippeis
2154 1660 2452 1728 imitatus

475 1778 565 1827 ex
581 1777 804 1871 parte,
823 1750 1012 1925 {rosa
1029 1761 1335 1829 oratione
1351 1760 1542 1923 vagis
1561 1752 1958 1828 carminibus
1977 1754 2167 1828 mista
2187 1752 2304 1871 sub
2320 1753 2451 1826 fal-

312 1906 318 1911 ’
468 1850 861 2070 ξὲἓῖιῗζῖιέ
877 1850 2450 2070 ιῗὲἑᾞᾉῗὲῗηᾷἶῑεξεῖἑζέἒιὲξέὸῖῗὲῗζζὲιῗ

476 2069 957 2250 ἓᾟὲρὲτωμ
975 2052 1559 2223 ffffiffiz
1589 2048 2451 2250 ssss'bss‘ffsf‘ffiffissffi:

475 2249 840 2345 vigantium
874 2254 1079 2321 etiam
1114 2253 1285 2322 rixas
1306 2303 1330 2336 ‚
1387 2247 1799 2349 naufragium
1820 2306 1843 2340 ‚
1892 2246 2327 2348 fabellamque
2362 2246 2450 2320 de

477 2368 781 2420 matrona
815 2346 1136 2446 Ephefina
1153 2368 1371 2420 narrat
1408 2373 1429 2418 t
1480 2348 1816 2421 interdum
1853 2348 2106 2446 regulas
2130 2351 2447 2420 carminis

476 2451 777 2542 exponit.
840 2449 1223 2545 Sequuntur
1257 2443 1472 2519 versus
1508 2445 1597 2518 de
1628 2445 1813 2519 bello
1855 2447 2059 2519 Civili
2095 2444 2234 2519 fere
2261 2472 2396 2543 300
2417 2498 2439 2527 ‚

470 2547 556 2613 &
574 2542 731 2616 elufi
749 2566 1140 2642 captatores.
1163 2547 1312 2643 Qi
1329 2569 1471 2616 non
1487 2543 1670 2618 videt
1688 2545 1803 2617 ista
1821 2542 2068 2644 fingula
2085 2570 2164 2617 ac
2180 2550 2445 2619 univer-

472 2635 540 2712 fi
558 2641 720 2713 nihil
738 2642 822 2714 ad
844 2643 996 2742 Caji
1015 2646 1318 2715 Petronii
1335 2640 1633 2716 libellum
1654 2699 1676 2732 ,
1710 2643 1875 2716 nihil
1892 2641 1977 2715 ad
1997 2646 2299 2715 Neronis
2318 2642 2444 2715 fla-

470 2741 636 2909 pitia
652 2742 1013 2840 noctesque
1031 2745 1357 2840 pertinere
1376 2797 1398 2830 ‚
1435 2738 1543 2814 sed
1561 2768 1806 2816 meram
1826 2739 1952 2815 effe
1970 2741 2345 2841 nudamque
2364 2766 2444 2813 ac

502 2839 837 2938 rmplicem
872 2844 1191 2914 vitiorum
1225 2847 1303 2911 δε
1341 2838 1604 2913 defidiae
1642 2841 1945 2914 humanae
1984 2865 2055 2912 te
2100 2839 2441 2913 rehenfio-

470 2957 627 3008 nem
650 2992 671 3025 ,
709 2934 832 3011 sale
850 2943 927 3011 δε
947 2938 1248 3011 mordaci
1266 2960 1462 3012 aceto
1483 2939 1826 3012 conditam
1847 2967 1868 3010 τ
1921 2944 1975 3011 is
1996 2964 2040 3037 p
2153 2940 2192 3011 ὲ
2217 2965 2341 3011 nec
2362 2943 2433 3035 in

468 3032 676 3108 literis
716 3062 842 3109 nec
882 3041 952 3108 in
990 3037 1121 3110 ulla
1159 3038 1283 3110 alia
1315 3064 1389 3110 re
1477 3038 1796 3138 uidquam
1814 3038 1996 3111 videt
2016 3060 2130 3111 aut
2154 3037 2434 3136 judicat.

468 3135 666 3206 Ianus
680 3131 907 3207 Dousa
924 3191 944 3219 ,
983 3158 1059 3209 ut
1105 3140 1290 3209 Petri
1330 3142 1441 3210 Pit
1492 3141 1583 3209 oei
1623 3139 2076 3236 conje&uram
2109 3135 2195 3207 de
2235 3155 2429 3208 aetate

469 3234 773 3307 Petronii
794 3234 1151 3309 confirmet
1175 3290 1198 3323 ‚
1244 3233 1472 3309 scribit
1508 3235 1668 3309 duas
1707 3232 2052 3310 sententias
2073 3255 2185 3306 aut
2205 3241 2427 3333 paroe-

467 3334 632 3404 mias
654 3387 675 3422 ‚
722 3332 1029 3406 videlicet
1050 3338 1480 3418 Nonbeneolet,
1528 3339 1624 3430 qui
1661 3340 1790 3408 bene
1815 3337 2179 3431 ssmperolm
2229 3339 2307 3407 δε
2327 3348 2433 3406 In-

390 3438 396 3443 “
456 3431 892 3529 geniofizgulaeaest
909 3487 929 3515 ,
979 3436 1020 3503 a
1037 3433 1349 3507 Martiale
1371 3437 1448 3505 δε
1468 3436 1506 3504 a
1529 3438 1854 3506 Petronio
1892 3457 1976 3506 ex
2014 3457 2212 3531 aequo
2249 3429 2432 3530 usin-7

466 3533 608 3626 pari
628 3557 649 3600 ε
686 3529 879 3602 aliam
899 3536 1061 3603 item
1080 3557 1377 3630 gnomen
1399 3585 1422 3618 ‚
1459 3537 1668 3604 Primus
1689 3538 1746 3605 in
1763 3536 1885 3604 orbe
1899 3547 2041 3604 Deos
2064 3533 2205 3628 ftcit
2241 3537 2430 3612 tium,

460 3627 687 3703 Statio
724 3633 793 3700 in
828 3627 1007 3702 libro
1059 3657 1089 3702 1
1111 3659 1139 3701 1
1161 3658 1193 3701 1
1260 3628 1647 3704 Thebaidos
1706 3656 1861 3703 cum
1921 3633 2248 3703 Petronio
2300 3625 2430 3701 effe

465 3747 898 3806 communem
920 3755 943 3801 ε
979 3753 1064 3804 ex
1082 3727 1323 3829 quibus
1344 3750 1569 3805 tamen
1587 3726 1921 3806 sententiis
1959 3731 2246 3830 primam
2261 3730 2430 3800 Hie-

460 3869 467 3874 ·
2218 3850 2435 3926 rony-
