2664 4458
544 290 736 362 AD
886 285 1800 365 LECTOREM.

173 423 345 503 quot
368 404 444 473 in
464 401 608 475 hoc
631 405 975 501 Scriptore
991 401 1326 503 supersunt
1351 459 1371 492 ,
1410 430 1560 479 eum
1581 430 1822 482 novem
1838 405 1976 479 aliis
2013 405 2149 478 edi-

155 500 464 573 tionibus
483 555 509 587 ,
564 506 640 572 &
661 500 836 573 binis
854 505 1047 575 Msis
1069 507 1386 575 nimirum
1407 508 1544 577 lani
1563 504 1803 575 Dousae
1827 560 1849 592 ,
1889 511 1964 576 δε
1984 509 2145 577 MS.

154 595 593 699 Tragurienfi
614 621 747 670 vet.
755 605 958 697 partis
979 603 1191 698 Satyr.
1216 601 1618 699 contuli‚qui
1633 602 1896 675 codices
1914 607 2150 674 memi-

159 703 232 771 ni
252 722 497 769 omnes
515 698 656 768 una
674 700 821 773 vice
839 702 1185 784 variarunt,
1209 698 1352 783 aliis
1371 698 1526 770 alias
1591 698 1859 787 luribiss,
1878 705 2149 799 paucio-

161 795 344 869 rffius
376 792 917 875 consonantibus
938 851 960 883 ,
996 795 1301 868 leffionu*
1410 822 1491 868 ue
1579 796 1962 873 iverfitatem
1997 798 2148 869 dili-
2182 811 2190 819 '

163 918 397 994 genter
419 898 495 965 in
518 896 744 966 Notis
786 891 1161 992 confignavi
1179 916 1253 966 ut
1272 901 1373 968 Le
1442 921 1523 966 or
1562 894 1750 992 quod
1788 892 2153 993 sequeretur

159 995 461 1093 eligeret.
516 991 873 1063 Editiones
908 1014 1128 1063 autem
1166 992 1294 1064 111ae
1354 1000 1389 1065 I
1408 999 1474 1064 X
1543 993 1645 1063 hae
1705 989 1889 1064 sunt:
1942 1003 2156 1065 loannis

164 1089 788 1186 Tmfiiugdamenfis
822 1095 910 1162 A.
942 1119 971 1161 1
992 1117 1024 1183 5
1036 1115 1144 1185 75.
1192 1096 1314 1163 lm·
1352 1091 1526 1185 neuſse
1557 1092 2155 1189 Batavo-Lugdunenfis

176 1197 256 1264 A.
308 1190 524 1284 1583.
577 1192 791 1260 loannis
832 1186 871 1260 >a
912 1203 1265 1262 Woumren
1303 1194 1521 1260 maiis
1557 1191 1790 1282 impteffiz
1828 1196 1915 1261 A.
1948 1197 2154 1261 1601.

177 1286 980 1382 einfflenugdnniinfflm’is
997 1292 1079 1359 A.
1108 1295 1313 1384 1623.
1360 1285 1935 1386 Helenopolitmatypt's
1954 1290 2155 1361 Schm-

186 1389 519 1457 muriani:
562 1383 914 1481 castigationis
951 1386 1189 1480 exaestimo
1225 1390 1429 1480 Georgii
1465 1388 1686 1458 Erhaedi
1722 1439 1743 1467 ‚
1809 1391 1891 1457 A.
1938 1394 2153 1457 1610.

123 1498 129 1503 ’
178 1487 368 1555 m
375 1484 475 1577 sed
490 1479 786 1575 &qmb
804 1488 1009 1554 audior
1023 1484 1439 1561 &emendatior
1452 1486 1688 1579 Lugduni
1702 1488 1759 1553 in
1775 1486 1961 1554 Galliis
1979 1485 2154 1577 recuſsi

173 1580 211 1654 :-
245 1585 421 1653 Pado
466 1584 675 1650 rreum
724 1584 808 1651 A.
858 1608 887 1651 1
903 1588 986 1650 61
1005 1605 1064 1676 5.
1117 1586 1330 1652 romnis
1377 1586 1520 1651 Petri
1556 1584 1779 1653 -Loticbii
1822 1583 2157 1675 Framefimi

188 1686 272 1752 A.
301 1706 335 1749 1
350 1686 516 1769 629.
572 1682 792 1774 Rutgeri
825 1682 1195 1751 Hermannidae
1238 1703 1364 1751 cum
1401 1683 1560 1751 Notis
1597 1682 1911 1750 Bourdelorii
1945 1680 2154 1772 Anste-

188 1779 390 1847 banni
431 1782 513 1847 A.
542 1783 754 1873 13563.
802 1780 1217 1871 Deniqueeditio
1240 1779 1516 1849 Gabbemae
1544 1778 1828 1873 posterior,
1854 1778 1951 1871 seu
1978 1775 2153 1871 potius

179 1880 285 1945 ab*
298 1875 695 1969 fragmentum
790 1896 917 1968 opus
950 1880 1095 1947 enim
1129 1901 1238 1947 non
1275 1876 1702 1969 consummatum
1738 1879 1765 1969 )
1826 1880 2010 1946 incerti
2046 1901 2154 1946 an-

176 1978 266 2054 ni,
314 1997 525 2070 quarn
569 1997 696 2042 nos
756 1977 934 2043 ecuti
972 1979 1259 2071 priorem
1299 1997 1538 2070 nempe
1573 1976 1710 2044 eius
1746 1971 2107 2044 editionem
2131 2026 2154 2060 ‚

179 2096 241 2141 ea
271 2074 558 2141 mntem
604 2098 635 2142 1
654 2078 799 2164 654
820 2125 842 2157 ,
879 2072 1232 2169 Vlmq‘eceiad
1250 2075 1496 2143 Rhenum
1514 2092 1884 2167 procurata.
1937 2078 2157 2142 Inter-

180 2192 393 2267 pretes
410 2165 871 2267 subjunximus
887 2174 1102 2241 textui
1120 2166 1452 2270 utriusque
1474 2172 1852 2268 Fragmenti
1876 2223 1897 2255 ,
1916 2172 2154 2242 veteris

183 2275 253 2338 δε
276 2269 531 2339 Coenae
552 2263 1096 2356 Trimalchionis,
1113 2289 1455 2368 quotquot
1475 2265 1614 2338 fere
1635 2266 1888 2338 exstant
1913 2320 1935 2351 ,
1976 2267 2158 2336 certe

180 2388 529 2464 quotquot
553 2362 779 2435 haberi
798 2388 1105 2462 poterant
1130 2419 1150 2452 ,
1176 2389 1471 2463 quorum
1489 2368 1763 2435 nomina
1779 2388 1940 2433 mox
1961 2387 2160 2461 pecu-

178 2463 346 2536 liaris
372 2461 625 2534 tabella
643 2461 819 2550 edet,
839 2470 916 2534 &
936 2464 1207 2563 quidem
1228 2467 1281 2535 F
1280 2483 1628 2561 ragmento
1649 2485 1859 2562 eoenae
1876 2461 2159 2532 Trimal-
2286 2487 2297 2500 ·

184 2563 432 2633 chianae
467 2567 775 2658 integros
807 2557 955 2633 suos
992 2560 1380 2634 donavimus
1420 2564 1805 2658 interpretes
1827 2615 1850 2647 ,
1902 2559 2159 2658 insuper

190 2664 401 2734 MSos
438 2657 811 2731 Dalmatici
835 2714 856 2747 ‚
908 2666 984 2731 &
1023 2661 1235 2733 Italici
1275 2658 1435 2730 coeli
1477 2657 1708 2732 Roma
1747 2656 1991 2731 missos.
2059 2663 2158 2729 At

196 2762 503 2856 quoniam
540 2755 1022 2855 Interpretibus
1058 2757 1267 2832 multa
1287 2761 1523 2830 Graeca
1541 2755 1888 2828 admiscere
1909 2753 2112 2830 vistim
2133 2811 2154 2839 ,

202 2879 346 2952 quae
380 2854 735 2956 aliquando
771 2880 912 2927 rem
948 2853 1289 2930 absolvunt
1329 2859 1406 2926 ὅσ
1475 2858 1788 2929 Latinum
1837 2855 2162 2928 leetorem

193 2956 447 3024 inanm
461 2942 818 3025 dimittunt
841 3008 864 3042 ‚
899 2954 1053 3027 dedi
1071 2979 1343 3053 operam
1378 2950 1515 3023 utfi
1553 2951 1749 3023 νόνναι
1790 2952 2161 3044 (cantilenae

184 3048 327 3124 sunt
345 3050 602 3152 quibus
646 3057 931 3124 nutrices
946 3058 1161 3151 pueris
1189 3049 1663 3147 blandiuntur)
1719 3049 1961 3122 alicubi
1982 3055 2162 3121 exci-

182 3154 313 3249 pias
356 3155 474 3223 vix
516 3149 738 3236 ullum
775 3148 1044 3223 verbum
1084 3156 1152 3222 in
1196 3153 1516 3225 Petronio
1553 3170 1860 3222 occurrat
1884 3203 1906 3234 ,
1974 3145 2172 3246 quod

183 3275 317 3320 non
358 3273 616 3321 vocem
655 3269 829 3321 voce
864 3270 975 3321 aut
1024 3247 1272 3321 sensum
1309 3247 1488 3322 sensu
1529 3246 1868 3320 reddendo
1910 3250 1978 3316 in
2031 3250 2162 3315 La·
2235 3319 2242 3324 „

184 3352 401 3419 tinum
423 3345 874 3418 transtulerim
914 3339 1129 3446 prorsa
1148 3355 1222 3419 δι
1263 3339 1449 3420 vorffi
1473 3400 1494 3434 ,
1543 3343 1695 3417 eod.
1721 3348 2024 3416 carminis
2043 3367 2165 3440 ge-

181 3472 335 3518 nere
359 3501 385 3533 ‚
432 3443 551 3518 sed
571 3470 798 3515 meum
837 3441 1560 3543 interpretamentumfi
1601 3448 1838 3514 Graeca
1858 3442 1965 3512 ina
2003 3445 2165 3511 alius

179 3539 512 3630 adferat',
580 3540 792 3614 ubivis
854 3542 1215 3641 parenthesi
1273 3542 1474 3643 idque
1530 3537 1804 3612 diversis
1844 3560 1874 3609 t
1921 3544 2021 3636 pis
2062 3542 2162 3608 in-

180 3640 442 3716 clusum
469 3696 492 3727 ,
531 3667 612 3714 ne
648 3639 1001 3739 scriptores
1043 3639 1608 3715 confimderentur
1632 3692 1653 3723 ,
1702 3661 1841 3736 quo
1921 3635 2165 3736 ubique

186 3737 450 3814 sedulus
492 3765 795 3840 praecavi.
870 3739 1171 3817 Iudicem
1207 3744 1409 3932 etim?
1449 3733 1712 3834 vestigia
1748 3733 2163 3906 secutis1sch5}

1203 3891 1243 3931 t
1268 3891 1303 3929 ιιι
2135 3870 2167 3886 ““
