2664 4458
114 324 629 424 mercium
689 317 1165 425 literarum
1244 355 1411 463 per
1474 347 1627 424 tot
1716 354 2176 423 annorum

115 460 563 599 spatium
659 492 855 555 non
918 466 1448 597 interrupto
1541 457 1801 563 cursu
1877 468 2178 559 conti-

120 627 597 697 nuatum.
678 597 1007 727 Qare
1040 629 1234 693 non
1289 602 1565 734 potui
1622 631 1815 694 non
1849 600 1944 693 in
1975 632 2174 697 me-

128 740 578 831 moriam
681 737 1093 831 revocari
1159 732 1614 870 propositi
1679 733 2171 869 aliquando

129 874 340 968 mei
366 947 404 992 ‚
437 868 819 968 dicandi
852 897 1017 967 tuo
1048 875 1454 968 Nomini
1488 877 1967 970 auctorem
1995 873 2176 969 Pa-

136 1012 314 1105 tris
390 1010 587 1103 mei
653 1010 892 1141 typis
962 1018 1057 1105 δε
1112 1003 1626 1145 sumptibus
1693 1004 2178 1144 prodeun-

140 1175 395 1243 tem.
448 1141 1006 1274 Qod'cum
1038 1149 1163 1241 im
1238 1140 1859 1242 raesentIarum
1890 1140 2176 1264 facie,

140 1287 544 1378 veniam
609 1276 916 1376 forsan
950 1176 1311 1417 praefiiri
1365 1279 1607 1378 dices
1641 1276 2104 1377 neceffum
2139 1356 2173 1403 ‚

146 1423 311 1555 qui
378 1414 563 1514 tibi
595 1418 1147 1513 Petronium
1175 1412 1462 1552 vulgo
1518 1416 1762 1516 male
1795 1413 2176 1513 audien-

146 1581 365 1655 tem
396 1549 935 1651 conciliem.
1005 1556 1397 1674 Fateor,
1425 1549 1488 1650 fi
1524 1551 1743 1688 quid
1777 1556 1875 1648 in
1906 1585 2172 1648 com-

142 1723 459 1801 mune
512 1686 1118 1825 adprobatius
1191 1697 1288 1782 &
1358 1686 1911 1788 diversarum
1969 1684 2171 1789 sen-

148 1856 319 1926 ten
333 1833 671 1926 riarum
737 1823 1088 1962 spiculis
1114 1824 1426 1924 minus
1450 1823 1971 1926 obnoxium
2003 1860 2170 1922 oc-

147 1962 621 2085 currisset,
656 1961 752 2058 id
786 1966 1103 2101 utique
1134 1961 1336 2084 tibi,
1373 1967 1522 2061 cui
1548 1961 1840 2098 longe
1874 1967 2173 2097 majo-

149 2134 253 2199 ra
281 2099 613 2199 debeo
653 2172 683 2218 ,
740 2096 968 2197 haut
993 2098 1632 2199 invidendum.
1725 2094 1904 2199 Sed
1936 2132 2172 2237 prae-

150 2265 603 2377 tei-quam
657 2235 913 2372 quod
973 2242 1419 2375 temporis
1472 2241 1708 2335 ratio
1736 2233 2173 2338 habenda

154 2382 247 2469 δε
307 2370 817 2476 confilium
873 2373 1251 2472 tandem
1307 2377 1407 2471 in
1467 2371 1909 2470 effectum
1947 2366 2175 2469 effet

156 2508 830 2610 deducendum
866 2586 894 2631 ,
929 2516 1210 2610 etiam
1245 2507 1436 2609 h'oc
1465 2506 1660 2607 no'n
1689 2509 2170 2631 reticeam,

158 2645 719 2770 foecundam
766 2683 968 2747 rem
998 2646 1174 2747 effe
1207 2680 1658 2768 errorem,
1694 2643 1998 2781 deque
2022 2679 2175 2741 re-

164 2784 852 2884 conditioribus
902 2789 1471 2922 argumentis
1500 2783 1691 2883 fere
1720 2787 1818 2878 in
1853 2777 2170 2884 tranfi-

63 2995 77 3007 .
168 2950 275 3019 tu
324 2923 744 3052 judicari.
813 2922 1033 3050 Qa
1089 2927 1184 3018 in
1214 2956 1314 3017 re
1349 2916 1774 3058 praefatio
1836 2917 1952 3018 ad
1980 2920 2169 3015 Lc-

163 3068 542 3169 storem
600 3090 751 3154 me
811 3054 1372 3155 sublevabit:
1435 3056 1699 3189 juxta
1757 3080 1907 3151 tot
1968 3052 2177 3151 illu-

169 3195 381 3298 stria
438 3200 859 3294 virorum
915 3201 1305 3292 nomina
1332 3198 1666 3314 Gyraldi
1698 3265 1730 3312 ,
1789 3192 2175 3310 Delbcnii,

172 3343 628 3463 Brasscam',
649 3340 985 3448 Mureti,
1007 3348 1133 3432 Pa
1117 3330 1845 3464 ffcratiiffltriusque
1873 3330 2173 3455 Dousle,

173 3477 600 3605 Bongarfii,
635 3470 1158 3602 Rittersbufii,
1190 3468 1580 3598 Goldaffl,
1614 3474 1923 3586 Mora,
1957 3476 2178 3563 Gon-

170 3613 362 3746 βλέπ’,
403 3615 500 3705 δε
530 3628 775 3743 quot
824 3636 1021 3701 non
1049 3603 1474 3724 aliorum,
1499 3604 1659 3735 qui
1685 3632 2009 3696 omnes
2039 3603 2197 3696 in-⁴

176 3777 303 3847 ter
326 3749 814 3892 praecipua
872 3737 1254 3852 laudum
1283 3735 1643 3848 suatum
1683 3766 2183 3842 ornamen-

1273 3952 1337 4008 ἦ
1396 3909 1463 4007 4
2024 3899 2182 3995 ta,
