2664 4458
876 348 1061 419 AD
1210 344 2134 418 LECTOREM.

518 480 627 526 rus
651 454 927 527 Arbiter
946 451 1164 526 noster
1188 451 1670 552 proscripturus
1694 507 1714 540 ‚
1755 452 2108 551 quomodo
2140 452 2227 525 de
2256 479 2352 526 eo*
2376 454 2490 527 lo·

515 559 739 650 quitur
761 558 1091 625 Puteanus
1118 550 1277 624 loco
1300 551 1500 648 paulo
1520 552 1675 623 ante
1696 550 1982 648 allegato
2009 605 2030 638 ‚
2070 556 2137 622 in
2158 549 2484 627 bonarum

515 656 755 722 artium
775 647 1168 746 professores
1192 703 1213 736 ,
1265 645 1563 749 ipsosque
1604 647 1774 721 adeo
1839 669 2092 722 arentes
2112 648 2205 721 ob
2226 675 2489 749 pravam

513 749 975 825 educationem
999 801 1021 835 ‚
1045 752 1124 819 &
1148 744 1630 821 institutionem
1649 751 1797 819 inve
1845 750 1994 821 itur.
2040 753 2221 821 Mox
2239 773 2486 846 procu-

512 868 807 917 ratorum
828 843 1187 917 forensium
1227 849 1303 916 &
1338 844 1814 917 advocatorum
1854 845 2207 918 calumnias
2230 899 2251 933 ,
2303 845 2486 921 Iudi-

512 969 666 1014 cum
717 968 798 1015 ue
843 941 1219 1040 injustitiam
1238 962 1439 1012 taxat.
1490 946 1674 1013 Tum
1714 946 1781 1011 in
1821 939 2233 1017 sacerdotum
2270 943 2486 1016 infan-

510 1040 692 1112 dasli
742 1040 947 1112 idines
985 1061 1185 1136 atque
1225 1036 1606 1206 hpmcrifin
1646 1039 1941 1116 ὶηνεᾶιιε
1968 1095 1988 1127 ,
2027 1038 2371 1114 tranfitum
2392 1040 2480 1114 ad

508 1138 739 1211 luxum
779 1140 1237 1210 conviviorum
1311 1141 1445 1207 acit
1487 1191 1508 1224 ,
1629 1162 1777 1211 uem
1813 1133 1930 1211 sub
1968 1139 2482 1212 Trimalchionis

508 1241 783 1308 nomine
802 1260 881 1306 ac
899 1235 1169 1306 lautitiis
1186 1233 1448 1333 prolixe
1474 1163 1746 1331 petatio
1796 1238 2058 1309 it.Hinc
2078 1235 2166 1311 dc
2182 1234 2484 1313 scelerata

509 1332 1028 1434 paedagogorum
1049 1336 1341 1433 nequitia
1358 1338 1433 1404 &
1451 1259 1999 1431 philosopffiorum
2011 1333 2343 1432 hypocrifi
2364 1361 2483 1432 pa-

510 1453 724 1504 rentes
744 1454 942 1529 atque
959 1434 1211 1503 amicos
1245 1427 1415 1503 serio
1435 1450 1705 1504 monet:
1747 1425 2000 1505 accusat
2020 1429 2434 1506 literatorum
2461 1488 2484 1521 ,

510 1535 588 1601 &
605 1527 938 1601 artificum
960 1525 1769 1626 socordiam:reprehendit
1790 1524 2199 1626 publicarum
2217 1528 2482 1607 balnea-

508 1653 658 1698 rum
676 1626 1176 1727 turpitudinem.
1203 1624 1643 1700 Postmodum
1666 1630 2056 1699 maritorum
2078 1632 2153 1699 δε
2176 1632 2482 1727 negotia·-

510 1745 738 1797 torum
777 1724 1195 1824 quorundam
1233 1721 1364 1798 five
1401 1721 1739 1798 fortunam
1757 1779 1777 1807 ,
1828 1721 1957 1800 five
1977 1729 2313 1822 ingenium
2330 1747 2481 1799 tan-

508 1848 671 1922 gens
697 1876 719 1911 ,
760 1825 1074 1895 acerrime
1111 1825 1181 1894 in
1199 1821 1535 1898 levitatem
1575 1819 1964 1898 feminarum
1981 1822 2436 1896 animadvertit
2459 1879 2484 1913 ,

511 1926 717 2019 quam
734 1919 929 1993 facile
949 1921 1280 2007 adament,
1300 1926 1378 1994 δε
1399 1924 1779 2019 peregrinos
1852 1919 2072 1993 uidem
2084 1923 2355 2019 juvenes
2375 1922 2488 1998 ul-

506 2039 618 2089 tro
638 2016 952 2093 ambiant.
993 2024 1211 2092 Porro
1234 2022 1298 2091 in
1323 2017 1709 2116 imposturas
1729 1947 2086 2091 acqfraudes
2103 2019 2370 2091 exulum
2402 2026 2481 2092 ὅσ

507 2117 722 2199 natale
739 2115 949 2189 solum
970 2121 1371 2191 vertentium
1391 2170 1413 2204 ‚
1433 2114 1672 2214 quibus
1693 2113 1981 2215 hospites
2001 2114 2149 2191 suos
2171 2123 2246 2189 δε
2269 2117 2487 2191 credi-

507 2214 881 2302 tores,dum
898 2215 1157 2314 amplos
1174 2212 1332 2288 alibi
1350 2212 1577 2287 census
1593 2218 1897 2313 jactitant
1918 2212 2488 2305 circumscribunt,

506 2314 749 2411 stylum
767 2319 1051 2386 exacuit.
1103 2312 1423 2389 Insaniam
1452 2311 1605 2390 deni
1653 2340 1736 2391 ue
1755 2313 2141 2390 testatorum
2163 2320 2240 2390 δε
2260 2333 2487 2412 capta·

506 2434 732 2484 torum
753 2410 1011 2484 nefariis
1046 2409 1548 2487 conditionibus
1588 2410 1632 2483 si
1686 2416 2020 2490 iinvicem
2042 2410 2482 2486 insidiantium

506 2531 722 2584 notat.
746 2514 835 2583 Et
856 2510 998 2581 haec
1018 2515 1278 2586 tantum
1300 2510 1547 2609 reliqua
1564 2507 1709 2583 sunt
1734 2511 1924 2607 hujus
1948 2513 2227 2607 Satyrici
2246 2514 2483 2609 capita:

509 2630 746 2681 caetera
778 2610 1012 2706 injuria
1035 2630 1417 2708 temporum
1453 2605 1653 2684 ‘nobis
1674 2607 1927 2681 invidit.
1980 2608 2253 2707 Hicque
2291 2608 2481 2706 quod

508 2709 894 2804 interpretes
911 2726 1192 2782 monent
1228 2704 1591 2779 mominifle
1600 2703 1855 2804 juvabit
1878 2761 1899 2792 ,
1938 2704 2140 2804 Epist.
2162 2706 2245 2780 ad
2269 2712 2481 2785 Rom.

507 2829 729 2902 capa,
751 2810 829 2876 δε
856 2832 884 2875 1
949 2858 969 2892 ,
988 2803 1236 2880 tumad
1257 2802 1473 2879 Galat.
1503 2828 1568 2899 5,
1599 2832 1631 2875 1
1660 2804 1744 2876 ad
1759 2804 1925 2876 Cor.
1949 2811 2019 2891 6,
2040 2802 2281 2902 quist
2304 2803 2481 2876 locis

504 2900 867 3004 Apostolus
886 2830 971 2978 <le
991 2903 1038 2974 fl
1145 2906 1253 2975 tiis
1274 2907 1568 2981 Roman.
1589 2908 1666 2983 ὃς
1689 2909 2082 2984 Graecorum
2101 2906 2238 3001 agit
2264 2957 2284 2990 ,
2333 2928 2478 2980 non

505 2999 740 3075 melius
758 3004 962 3099 quam
980 3024 1096 3100 per
1120 3002 1273 3074 edio
1294 3000 1428 3073 hoe
1450 2999 1756 3098 Satyrico
1775 3000 2054 3100 intelligi
2073 2999 2274 3099 posse.

581 3095 906 3196 ‘Superest
929 3152 949 3185 ‚
998 3120 1074 3178 ut
1111 3100 1246 3195 quid
1278 3104 1340 3172 in
1375 3102 1476 3179 bac
1512 3102 1737 3178 edition
1766 3099 2054 3196 prestitum
2094 3094 2430 3170 edisseram
2453 3121 2478 3172 ε

507 3198 858 3293 Satyricon
877 3195 1106 3274 damus
1124 3218 1309 3273 vetus
1330 3251 1352 3285 ,
1404 3201 1480 3276 δε
1501 3194 1687 3269 simul
1727 3193 2168 3296 fragmentum
2201 3193 2286 3267 de
2310 3196 2480 3267 Coe..

505 3318 591 3366 na
609 3294 1121 3377 Trimalchionis
1159 3291 1590 3393 Traguriense
1607 3295 1915 3392 peculiari
1949 3294 2315 3365 charadiere
2350 3292 2480 3374 suis

503 3390 676 3469 loc'is
714 3396 842 3491 ap.
866 3420 906 3475 7
980 3448 1003 3479 ,
1042 3389 1241 3491 usque
1262 3394 1402 3485 298
1426 3389 1737 3472 insertum
1777 3447 1797 3480 ,
1847 3395 2038 3488 juxta
2075 3396 2283 3464 MSm
2327 3397 2480 3464 Ro-

503 3516 772 3564 manum
817 3546 839 3577 ‚
976 3493 1079 3563 &a
1148 3517 1305 3567 cum
1367 3495 1678 3567 Patavina
1727 3490 2022 3574 editione
2077 3489 2435 3572 collatione
2458 3543 2483 3578 ,

504 3583 879 3686 impressum
902 3642 922 3675 ‚
974 3614 1113 3687 quo
1132 3588 1217 3661 de
1251 3586 1397 3660 fuse
1418 3614 1546 3698 ago
1565 3611 1635 3686 p.·
1679 3616 1718 3669 7
1773 3640 1792 3659 .
1835 3593 1912 3658 &
1950 3584 2128 3694 seqq.
2179 3593 2477 3659 Textum

502 3709 635 3759 vet.
688 3690 977 3785 Satyriei
998 3740 1019 3773 ,
1070 3685 1595 3768 Gabbemianam
1649 3686 1676 3779 (
1701 3614 1805 3758 [ἔα
1848 3687 2190 3782 Gonialii)
2233 3683 2478 3756 editio-

502 3809 660 3869 nem
691 3782 932 3879 secuti,
991 3784 1160 3868 locis
1196 3785 1535 3896 paululum
1573 3780 2056 3869 difficilioribus
2096 3783 2310 3883 qualia
2356 3781 2479 3865 ali*
2543 3851 2548 3854 .

2093 3925 2098 3926 ν
2303 3901 2477 3984 quot
