2664 4458
814 280 1055 354 AD*
1151 280 2075 356 LECTOREM:

467 386 637 463 stant
656 412 680 460 t
731 390 1026 489 itemque
1045 388 1231 462 illum
1251 394 1368 490 qui
1379 387 1553 489 jussu
1575 390 1926 463 Caracalla:
1945 413 2100 463 ante
2117 387 2456 489 templum·

463 492 631 561 Divi
649 492 756 561 Pii
775 484 1027 560 occisus
1047 492 1086 559 ὲ
1115 491 1466 587 Spartiano
1484 486 1785 561 traditur.
1859 488 1993 562 Sed
2032 494 2109 560 δε
2121 492 2445 587 jurecon-

463 582 703 659 sultum
741 590 1133 659 Petronium
1156 641 1179 673 ,
1241 586 1326 660 ad
1363 612 1564 686 quem
1601 585 1911 686 leguntur
1950 586 2140 661 Sollii
2184 587 2449 661 Sidonii

461 683 756 782 epistolae
776 685 1012 782 plures.
1036 681 1053 699 '
1087 686 1259 758 Sane
1281 690 1676 759 Petronium
1696 683 2046 759 Arbitrum
2066 689 2448 758 Domitiani

463 802 766 880 tempora
784 780 1163 881 praeceffiffe
1185 838 1207 871 ,
1223 808 1308 857 ex
1323 808 1411 856 eo
1429 788 1630 856 etiam
1648 782 2075 883 intelligitur‘,
2096 783 2284 882 quod
2304 787 2446 882 ejus

461 884 899 953 Terentianus
918 887 1198 954 Maurus
1217 886 1594 955 meminerit
1629 907 1650 953 ε
1699 879 1751 954 fi
1771 883 1986 955 modo
2006 886 2448 955 Terentianus

463 967 519 1050 is
536 977 632 1051 est
652 1032 673 1065 ‚
712 1004 913 1076 quem
932 976 1048 1051 suo
1065 1002 1372 1080 tempore
1392 985 1632 1054 Sienen
1653 976 1882 1052 rexifle
1899 972 2228 1053 Martialis
2246 978 2443 1052 testa-

461 1097 592 1148 tur.
645 1083 712 1148 Is
732 1081 932 1175 igitur
952 1131 974 1163 ,
1000 1075 1289 1178 quisquis
1311 1076 1709 1151 tandemfuit
1733 1132 1754 1164 ‚
1776 1082 2078 1151 Petronii
2097 1076 2187 1150 fic
2207 1082 2448 1151 memi-

463 1178 589 1265 nit,
612 1180 766 1247 cum
783 1172 871 1247 de
890 1174 1180 1249 dimetro
1207 1174 1511 1251 Iambico
1531 1175 1770 1252 claudo
1787 1180 1924 1279 agit
1945 1201 1966 1249 :

811 1278 1099 1347 Horatisaem
1112 1278 1348 1347 videmus

817 1370 998 1467 Versus
1015 1384 1207 1446 tenoris
1316 1399 1379 1444 ue

810 1469 1117 1641 ssm-
1129 1470 1483 1666 ‘im

810 1664 1433 1763 Libnksui'sftaqmat.

462 1765 549 1837 C.
587 1762 905 1935 Sbiggnius
939 1764 1348 1865 Apollinaris
1404 1769 1858 1841 Arvernorum
1925 1763 2293 1867 Episcopus
2362 1769 2437 1840 in

458 1866 612 1935 Nar
752 1889 830 1937 e:

706 1978 778 2036 Et
795 1982 851 2035 te
866 1962 1261 2059 Mafflietfium
1269 1985 1371 2059 per
1387 1965 1560 2034 hortos
1580 1966 1721 2037 &c.
2293 2004 2298 2021 ·

455 2056 595 2133 vbi
614 2058 709 2132 illi
725 2061 1121 2157 Mnjlilienfimn
1136 2066 1277 2133 horti
1316 2061 1422 2160 (ut
1450 2060 1587 2134 hoc
1604 2059 1828 2135 obiter
1842 2059 2094 2158 dicam)
2136 2081 2436 2134 nontam

455 2158 622 2231 mibi
639 2155 899 2236 Arbitri
917 2165 1193 2259 patriam
1213 2158 1260 2233 fi
1358 2158 1582 2234 ificare
1597 2158 1905 2235 videntur
1927 2214 1948 2248 ,
1967 2164 2170 2260 quam
2189 2185 2436 2247 mores,

552 2260 675 2330 iex
708 2259 1020 2333 Plautino
1086 2186 1397 2332 roveffiio
1419 2314 1442 2346 ‚
1484 2264 1563 2331 δε
1581 2260 1891 2333 Athenaei
1928 2258 2195 2331 historia
2214 2263 2432 2331 notati

455 2284 624 2429 Eunt.
675 2363 758 2430 In
774 2362 978 2430 veteri
994 2285 1170 2430 ligre
1189 2356 1699 2430 Defloratorum
1719 2413 1740 2447 ,
1760 2361 1876 2456 qui
1895 2354 2024 2430 fuit
2042 2358 2276 2432 Iohan.
2316 2362 2435 2430 Bi-

572 2459 587 2472 '
787 2460 1003 2529 Ducis
1042 2511 1065 2543 ,
1124 2481 1267 2529 non
1303 2452 1507 2555 usque
1538 2455 1708 2530 adeo
1745 2454 2004 2538 vetusto
2044 2511 2067 2543 ,
2127 2459 2434 2530 Petronii

640 2575 643 2576 ’
691 2552 862 2627 hanc
899 2553 1396 2655 inscriptionem
1427 2552 1673 2648 habent
1711 2580 1733 2626 z
1780 2559 2013 2627 Petronii
2047 2558 2252 2627 Arbitri
2267 2557 2449 2646 Afra-³

452 2675 540 2822 ΞΖ
568 2652 1382 2849 Ἑὲἕοηᾶῗῃὲἲῖἓιῗξ
1406 2650 2435 2851 ἓῗῑῖῑξῗηῖηῗωῗέἒεῖἷέἓῖ.

612 2869 767 2921 enta
800 2847 1006 2922 foedis
1044 2874 1403 2949 puerorum
1458 2849 1795 2922 amoribus
1853 2861 2076 2923 mores
2113 2847 2263 2923 suos
2303 2848 2432 2924 fafi-

478 2972 591 3019 um
626 3001 649 3034 ‚
714 2947 803 3021 de
838 2947 974 3021 hoc
1006 2974 1281 3048 quoque
1328 2952 1654 3022 Petronio
1690 2946 1827 3020 dici
1866 2944 2050 3046 poffe
2085 2947 2384 3022 videatur
2403 3001 2427 3036 ,

446 3044 656 3144 longe
687 3067 913 3120 tamen
947 3046 1150 3119 alium
1186 3044 1273 3118 ab
1319 3045 1606 3121 Afranio
1642 3041 1832 3119 fuisse
1866 3068 2123 3120 certum
2141 3045 2255 3119 est.
2308 3049 2432 3118 Pi-

447 3144 646 3217 thoe‘o
662 3144 990 3219 accedunt
1010 3149 1167 3217 cum
1201 3166 1316 3219 tot
1350 3144 1459 3218 alii
1498 3147 1783 3244 Satyrici
1800 3149 2187 3244 interpretes
2211 3198 2233 3231 ‚
2270 3164 2423 3216 tum

448 3231 530 3315 P.
553 3242 795 3316 Daniel
819 3298 842 3331 ,
893 3244 1003 3317 cl.
1024 3249 1299 3317 nim-tus
1319 3299 1342 3332 ,
1365 3248 1444 3315 sc
1463 3249 1519 3316 1.
1541 3240 1772 3318 Βοιώ
1790 3269 1937 3342 pag.
1958 3243 2271 3316 editionis
2291 3242 2420 3314 hu-

438 3343 551 3439 jus
592 3343 727 3437 518
757 3397 778 3429 ‚
817 3340 1118 3417 adverba
1151 3357 1285 3416 Non
1320 3346 1450 3414 bene
1483 3346 1608 3426 olet,
1629 3349 1770 3415 δίε.
1813 3347 1889 3413 δε
1927 3367 2075 3440 pag.
2106 3364 2266 3437 524.
2308 3340 2419 3429 ad,

446 3445 661 3513 Primus
692 3446 752 3513 in
790 3446 912 3514 orbe
947 3446 1173 3515 dean.
1232 3438 1476 3541 quibus
1512 3440 1683 3514 adde
1719 3465 1867 3539 pag.
1894 3464 2069 3533 427,
2101 3437 2236 3510 ibi:
2289 3455 2418 3511 Tres

443 3543 647 3611 tulerat
648 3540 882 3634 smum
897 3545 1066 3615 duces.
1115 3544 1243 3614 Ge.
1274 3538 1603 3614 Erhardus
1619 3538 1730 3613 seu
1758 3543 1862 3611 M.
1884 3538 1970 3609 C.
1993 3536 2418 3635 Lundorpius

444 3640 516 3708 in
558 3636 940 3735 Symbolis:
990 3655 1123 3714 Non
1153 3641 1285 3712 bene
1314 3643 1507 3712 olet--.
1555 3642 1697 3713 Aut
1728 3635 2056 3708 memoria
2095 3632 2417 3733 lapsusest

444 3741 900 3837 HIeronymus
921 3795 944 3831 ,
991 3759 1104 3811 aut
1140 3735 1395 3813 versum
1430 3737 1613 3812 hunc
1645 3733 1975 3814 Martialis
2009 3731 2096 3807 ab
2132 3732 2419 3908 Alrbitro

2234 3857 2421 3908 etro-
2469 3899 2481 3910 ,
