2664 4458
827 254 2083 336 AD'LECTOREM.
2405 344 2414 352 ,

370 395 374 399 ·
460 393 644 447 retur
656 369 702 442 a
718 367 1090 472 legentibus
1114 424 1137 458 ‚
1183 368 1599 466 insacristipitis
1618 392 1961 467 perperam
1978 383 2314 439 mutatum
2333 361 2439 440 fit.

461 475 648 570 Qae
670 468 931 568 vulgata
948 467 1152 540 1εᾶἰο
1171 465 1347 539 haud
1364 466 1569 540 dubie
1590 464 1821 540 vitioia
1838 463 1935 538 est
1957 520 1978 554 ,
2017 490 2097 537 ae
2115 460 2271 537 ferri
2290 466 2444 538 nul-

459 568 537 643 lo
555 566 769 640 ruodo
834 564 1029 639 otest.
1079 568 1229 664 Qi
1277 589 1362 664 pe
1380 564 1430 637 fi
1457 566 1599 661 sacri
1599 567 1797 663 stipitis
1829 564 2105 636 nomine
2124 560 2444 662 Priapum

459 666 760 767 ligneum
825 662 911 738 efi
961 690 1116 753 nare
1132 591 1438 738 voiuisset
1460 663 1776 737 Sidonius
1800 719 1819 752 ‚
1845 660 2241 779 (Simulacra
2259 658 2447 735 enim

466 767 688 862 Priapi
709 763 849 836 cust
949 765 962 780 ⁴
1016 763 1373 835 hortorum
1393 760 1478 834 ad
1495 786 1734 835 eorum
1751 762 1916 834 ostia
1935 758 2253 834 collocari
2272 786 2444 833 con-

465 860 850 961 sueverant)
890 867 1069 956 Priapi
1109 866 1179 934 in
1197 861 1411 934 hortis
1429 858 1926 934 Maffilienfium
1965 857 2165 958 pofiti
2196 864 2446 933 colonum

466 965 867 1041 Petronium
883 958 1234 1059 Arbitrum
1252 979 1608 1033 vocaturus
1628 980 1768 1033 non
1789 957 1919 1031 fuit
1943 1013 1964 1045 ,
2014 955 2124 1031 sed
2162 963 2447 1047 cultorem,

465 1066 605 1133 &o
643 1062 818 1132 Heic
838 1060 1053 1133 virum
1071 1055 1524 1130 doffiffimum
1542 1061 1818 1131 Petrum
1839 1056 2188 1130 Pithoeum
2206 1056 2449 1128 admo-

464 1158 631 1230 dum
653 1160 862 1229 miror
882 1210 905 1243 ‚
954 1159 1071 1255 qui
1089 1153 1212 1227 fibi
1230 1159 1396 1230 videri
1412 1155 1503 1228 ait
1526 1211 1549 1245 ‚
1599 1154 1685 1228 ab
1708 1153 1994 1231 Sidonio
2014 1152 2229 1227 tribus
2248 1151 2449 1229 verfi·

466 1254 595 1330 bus
611 1251 799 1353 supra
817 1252 1094 1326 laudatis
1130 1280 1243 1327 non
1281 1274 1404 1327 tam
1436 1257 1641 1327 Arbitri
1668 1258 1913 1350 patriam
1937 1251 2111 1349 quim
2128 1278 2297 1325 mores
2313 1252 2453 1348 dfi-

537 1358 623 1425 ari
636 1407 657 1435 ‚
706 1350 1207 1426 Maffilienfium
1225 1349 1530 1426 moribus
1564 1357 1811 1426 Plancina
1832 1354 2104 1448 proverbio
2123 1353 2199 1429 ῥ’
2217 1354 2457 1422 Athenai

512 1456 523 1468 ‘
630 1448 895 1523 ‘'notatis
931 1446 1317 1525 simillimos.
1367 1448 1580 1550 Qafi
1616 1453 1757 1524 horti
1791 1450 2191 1565 Maffllienfiarn
2227 1472 2454 1522 mores

464 1544 2460 1746 fflffissffifssfflfiffiffffiffiufflffigssifflffi

465 1744 913 1833 domicilium,
931 1742 1026 1818 ibi
1042 1743 1497 1845 voluptatibus
1515 1748 1805 1818 vacantis
1824 1801 1846 1833 ‚
1864 1771 1941 1818 ac
1961 1743 2030 1817 in
2050 1744 2264 1817 hortis
2284 1746 2462 1816 otia-

466 1848 605 1918 ntis
626 1899 648 1932 ,
669 1848 807 1916 διε.
868 1848 1197 1918 Praeterea
1215 1847 1519 1917 Petronii
1554 1842 1734 1918 stilus
1755 1869 1895 1916 non
1917 1849 2162 1918 Romae
2183 1862 2412 1914 natum
2439 1895 2465 1930 ‚

465 1939 1105 2041 sedTransalpinum
1138 1942 1483 2015 hominem
1495 1939 1684 2041 sapit.
1758 1942 2063 2059 Qando
2103 1941 2305 2056 igitur
2323 1943 2465 2012 Pe-

362 2066 363 2073 *
465 2042 731 2114 tronius
748 2039 1021 2114 Arbiter
1039 2042 1270 2114 floruit
1291 2049 1325 2115 ἓ
1364 2041 1898 2141 Qaeretaliquis.
1965 2038 2299 2140 Equidem
2315 2038 2467 2111 exi-

466 2136 672 2213 stimo
708 2164 861 2213 eum
880 2144 1108 2240 potius
1148 2142 1323 2213 circa
1347 2142 1856 2215 Antoninorum
1935 2139 2107 2211 rinei
2152 2158 2336 2211 atum
2353 2139 2464 2211 vi-

464 2236 629 2313 xisse
646 2294 669 2328 ‚
716 2243 920 2339 quam
971 2239 1079 2338 (ut
1097 2237 1299 2322 frater
1316 2265 1503 2313 meus
1521 2237 1874 2314 arbitratur
1969 2244 2040 2313 G
2134 2235 2259 2308 ‘eni
2277 2239 2462 2336 Aug.

466 2337 788 2437 aequalem
808 2335 1034 2411 fiziss‘e:
1085 2341 1244 2411 cum
1263 2337 1456 2437 quod
1502 2335 1826 2437 elegantia
1866 2339 2171 2412 Petronii
2209 2338 2279 2407 in
2298 2356 2464 2407 aeta-

466 2455 613 2509 tem
631 2435 926 2510 ‘Gallieni
948 2491 971 2525 ‚
1020 2437 1159 2510 hoe
1205 2435 1302 2512 est
1326 2491 1351 2526 ‚
1400 2433 1892 2510 insene&utem
1932 2438 2205 2535 Imperii
2248 2439 2463 2508 Rom.

467 2557 552 2606 ac
589 2532 772 2607 velut
790 2539 861 2606 in
898 2532 1135 2608 faecem
1205 2539 1219 2554 ⁶
1434 2539 1694 2607 Latinae
1735 2534 1968 2609 cadere
2003 2535 2171 2608 mihi
2203 2557 2345 2606 non
2363 2534 2467 2608 vi·

466 2629 684 2705 detur.
774 2636 1079 2709 Marinus
1115 2637 1285 2708 Stat‘
1320 2638 1415 2707 'us
1444 2637 1518 2706 in
1553 2633 1895 2734 Apologia
1928 2631 2038 2707 sua
2079 2658 2207 2731 pro
2253 2637 2466 2733 Fragi-

466 2751 704 2805 mento
721 2730 1144 2830 Tragurienfi
1163 2729 1414 2831 mspta:
1451 2736 1847 2806 Petronium
1865 2732 2066 2831 paulo
2086 2754 2242 2805 ante
2262 2731 2465 2802 Con-

468 2827 738 2902 stantini
771 2829 1054 2930 Augusti
1092 2854 1397 2930 tempora
1418 2886 1441 2919 ‚
1493 2832 1675 2903 certe
1698 2831 1904 2931 longe
1955 2828 2127 2902 infra
2147 2834 2465 2905 Severum

469 2927 768 3001 colloco·
837 2935 1003 3002 Hoc
1038 2929 1205 3002 mihi
1225 2927 1564 3028 persuadet
1592 2929 1970 3004 altissimum
2007 2929 2094 3002 de
2114 2929 2232 3001 illo
2270 2927 2469 3002 filen-

470 3030 646 3100 tium
684 3030 757 3098 in
783 3025 905 3100 scri
952 3032 1039 3101 tis
1076 3027 1511 3102 vetustiorum
1545 3030 1895 3102 suetorum
1919 3083 1942 3116 ‚
1977 3027 2421 3127 Qinfflliani
2442 3080 2470 3116 ‚

455 3127 784 3199 'Suetonii
803 3180 826 3214 ‚
849 3131 904 3200 P
933 3131 1051 3199 inii
1076 3160 1100 3216 3
1136 3122 1471 3201 Prisciano
1491 3125 1762 3201 demum
1786 3183 1809 3217 ‚
1828 3127 2196 3213 Diomedi,
2218 3126 2468 3199 Vi&o-·

471 3227 627 3297 rino
648 3278 671 3312 ‚
720 3230 799 3298 &
829 3228 900 3298 S.
920 3230 1347 3326 Hieronymo
1365 3247 1794 3300 memoratus.
1845 3229 2008 3299 Nec
2025 3222 2466 3323 spernendum

472 3320 931 3399 testimonium
967 3323 1164 3423 ipfius
1180 3325 1468 3398 au&oris
1502 3330 1712 3421 piam
1732 3353 1802 3398 ne
1830 3325 2098 3421 vest'gimn
2119 3327 2354 3417 >quidem
2372 3349 2471 3398 re-

467 3425 683 3519 liquum
699 3425 792 3516 effi
810 3422 1102 3496 dolentis
1123 3477 1147 3514 ,
1181 3427 1291 3496 cui
1307 3448 1440 3523 ego
1462 3428 1727 3496 crimini
1744 3421 1967 3498 seculo
1987 3425 2295 3496 Neronis
2315 3423 2472 3498 nul-¹
2523 3431 2527 3435 ’

471 3519 619 3594 lum
636 3524 922 3594 omnino
957 3521 1188 3595 locum
1205 3525 1466 3621 reperio
1490 3578 1512 3612 ,
1564 3526 1722 3595 cum
1769 3519 1854 3592 ad
1872 3517 2073 3620 usque
2095 3521 2475 3595 Commodi

477 3623 939 3720 Principatum
959 3621 1203 3695 statuas
1233 3626 1505 3722 egregio
1543 3617 1833 3693 artificio
1875 3618 2204 3717 perfer
2242 3619 2466 3693 adhuc

473 3717 727 3794 exstare
752 3723 825 3793 in
862 3717 1050 3796 Vrbe
1089 3719 1380 3809 audiam,
1450 3715 1825 3823 Optaffew
1838 3716 2139 3797 {imiliter
2183 3721 2302 3892 (Εἰ
2350 3723 2474 3792 Pi-

506 3891 513 3896 .
657 3882 664 3889 .
902 3865 909 3870 -
2283 3840 2469 3892 oeum
